@misc{tesla_1920, title={Valvular Conduit}, author={Tesla, Nikola}, year={1920}, month={Feb}}

@article{nguyen_abouezzi_ristroph_2021, title={Early turbulence and pulsatile flows enhance diodicity of Teslaâ€™s macrofluidic valve}, volume={12}, DOI={10.1038/s41467-021-23009-y}, number={1}, journal={Nature Communications}, author={Nguyen, Quynh M. and Abouezzi, Joanna and Ristroph, Leif}, year={2021}}

@book{truong,
author = {Truong, T and Nguyen, Nam-Trung},
year = {2003},
month = {01},
pages = {178-181},
title = {Simulation and optimization of Tesla valves}
}